<?xml version="1.0" encoding="UTF-8"?><collection xmlns="http://www.loc.gov/MARC21/slim"><record><leader>00517nam--2200133-i-4500</leader><controlfield tag="001">000014238</controlfield><controlfield tag="002">20161230</controlfield><controlfield tag="005">20161230201030</controlfield><controlfield tag="008">060222s1000------------r-----000-0-eng-d</controlfield><datafield ind1=" " ind2=" " tag="080"><subfield code="a">530.182:517.988.54(061.3)</subfield></datafield><datafield ind1=" " ind2=" " tag="245"><subfield code="a">Applications of nonlinear analysis in the physical sciences. invited papers presented at a workshop at bieelefeld, federal republic of germany, 1-10 october 1979</subfield></datafield><datafield ind1=" " ind2=" " tag="260"><subfield code="a">Boston, Pitman Adsvanced Publishing Program, 1981 X + 325 P</subfield></datafield><datafield ind1=" " ind2=" " tag="700"><subfield code="a">H.Amann, N.Bayley, K.Kirchgassner</subfield></datafield><datafield ind1=" " ind2=" " tag="852"><subfield code="a">70249</subfield></datafield></record></collection>